<?xml version="1.0" encoding="UTF-8"?><collection xmlns="http://www.loc.gov/MARC21/slim"><record><leader>00382nam--2200145-i-4500</leader><controlfield tag="001">000021771</controlfield><controlfield tag="002">20161230</controlfield><controlfield tag="005">20170123232906</controlfield><controlfield tag="008">060222s1000------------r-----000-0-eng-d</controlfield><datafield ind1=" " ind2=" " tag="245"><subfield code="a">Jahrbuch der oberflachentechnik, 1960</subfield></datafield><datafield ind1=" " ind2=" " tag="260"><subfield code="a">Berlin</subfield><subfield code="b">Metall-Metall-verlag Gmbherlag Gmbh</subfield><subfield code="c">1960</subfield></datafield><datafield ind1=" " ind2=" " tag="300"><subfield code="a">1076 p</subfield></datafield><datafield ind1=" " ind2=" " tag="700"><subfield code="a">Wiederholt, W</subfield></datafield><datafield ind1=" " ind2=" " tag="852"><subfield code="a">11581</subfield></datafield><datafield ind1=" " ind2=" " tag="CAT"><subfield code="a">SYS</subfield><subfield code="c">20170123</subfield><subfield code="h">232906</subfield></datafield></record></collection>